<record><leader>00000cas a2200000 a 4500</leader><controlfield tag="001">13778859</controlfield><controlfield tag="008">860625d18611862inuwr ne      0    0eng d</controlfield><datafield ind1=" " ind2=" " tag="010"><subfield code="a">sn 86058732 </subfield></datafield><datafield ind1=" " ind2=" " tag="040"><subfield code="a">IPL</subfield><subfield code="b">eng</subfield><subfield code="c">IPL</subfield><subfield code="d">NPI</subfield><subfield code="d">OCL</subfield><subfield code="d">OCLCQ</subfield></datafield><datafield ind1=" " ind2=" " tag="042"><subfield code="a">msc</subfield></datafield><datafield ind1=" " ind2=" " tag="092"><subfield code="a">071.7265</subfield><subfield code="b">D378</subfield></datafield><datafield ind1="0" ind2=" " tag="130"><subfield code="a">Delaware free press (Muncie, Ind. : 1861)</subfield></datafield><datafield ind1="1" ind2="4" tag="245"><subfield code="a">The Delaware free press.</subfield></datafield><datafield ind1=" " ind2=" " tag="260"><subfield code="a">Muncie, Ind. :</subfield><subfield code="b">Duckwall &amp; Ruckman,</subfield><subfield code="c">-1862.</subfield></datafield><datafield ind1=" " ind2=" " tag="300"><subfield code="a">v. :</subfield><subfield code="b">ill. (chiefly advertisements)</subfield></datafield><datafield ind1=" " ind2=" " tag="310"><subfield code="a">Weekly</subfield></datafield><datafield ind1="1" ind2=" " tag="362"><subfield code="a">Began in 1861.</subfield></datafield><datafield ind1="0" ind2=" " tag="362"><subfield code="a">-v. 4, no. 29 (Feb. 20, 1862).</subfield></datafield><datafield ind1=" " ind2=" " tag="500"><subfield code="a">Republican. Cf. Miller.</subfield></datafield><datafield ind1=" " ind2=" " tag="588"><subfield code="a">Description based on: Vol. 4, no. 12 (Oct. 17, 1861).</subfield></datafield><datafield ind1=" " ind2=" " tag="752"><subfield code="a">United States</subfield><subfield code="b">Indiana</subfield><subfield code="c">Delaware</subfield><subfield code="d">Muncie.</subfield></datafield><datafield ind1="0" ind2=" " tag="776"><subfield code="t">Delaware free press (Muncie, Ind.)</subfield><subfield code="w">(OCoLC)13778785</subfield></datafield><datafield ind1="0" ind2="0" tag="780"><subfield code="t">Free press (Muncie, Ind.)</subfield><subfield code="w">(DLC)sn 86058731</subfield><subfield code="w">(OCoLC)13778767</subfield></datafield><datafield ind1="0" ind2="0" tag="785"><subfield code="t">Delaware County free press (Muncie, Ind. : 1862)</subfield><subfield code="w">(DLC)sn 86058733</subfield><subfield code="w">(OCoLC)13779070</subfield></datafield><datafield ind1="1" ind2=" " tag="029"><subfield code="a">AU@</subfield><subfield code="b">000022167007</subfield></datafield></record>